@book{pukrushpan2004control,
  title={Control of fuel cell power systems: principles, modeling, analysis and feedback design},
  author={Pukrushpan, Jay T and Stefanopoulou, Anna G and Peng, Huei},
  year={2004},
  publisher={Springer Science \& Business Media}
}

@article{jung2013analysis,
  title={Analysis of engine temperature and energy flow in diesel engine using engine thermal management},
  author={Jung, Daebong and Yong, Jinwoo and Choi, Hoimyung and Song, Hanho and Min, Kyoungdoug},
  journal={Journal of Mechanical science and Technology},
  volume={27},
  number={2},
  pages={583--592},
  year={2013},
  publisher={Springer}
}

@misc{lumley2009engines,
  title={Engines},
  author={Lumley, JL},
  year={2009},
  publisher={Cambridge University Press, New York}
}

@article{ozyalcin2021investigation,
  title={Investigation of Filtration Phenomena of Air Pollutants on Cathode Air Filters for PEM Fuel Cells},
  author={{\"O}zyalcin, Can and Mauermann, Peter and Dirkes, Steffen and Thiele, Paul and Sterlepper, Stefan and Pischinger, Stefan},
  journal={Catalysts},
  volume={11},
  number={11},
  pages={1339},
  year={2021},
  publisher={Multidisciplinary Digital Publishing Institute}
}